<record><leader>00000cas a2200000 a 4500</leader><controlfield tag="001">42656627</controlfield><controlfield tag="008">991018d188u1uuusduuu ne      0    0eng c</controlfield><datafield ind1=" " ind2=" " tag="010"><subfield code="a">sn 99067408 </subfield></datafield><datafield ind1=" " ind2=" " tag="040"><subfield code="a">NYS</subfield><subfield code="b">eng</subfield><subfield code="c">NYS</subfield><subfield code="d">OCLCQ</subfield><subfield code="d">OCLCF</subfield><subfield code="d">OCLCO</subfield></datafield><datafield ind1=" " ind2=" " tag="042"><subfield code="a">pcc</subfield></datafield><datafield ind1=" " ind2=" " tag="043"><subfield code="a">n-us-sd</subfield></datafield><datafield ind1="0" ind2=" " tag="130"><subfield code="a">Western bugle (Mitchell, S.D.)</subfield></datafield><datafield ind1="1" ind2="0" tag="245"><subfield code="a">Western bugle.</subfield></datafield><datafield ind1="1" ind2="3" tag="246"><subfield code="a">Bugle</subfield></datafield><datafield ind1=" " ind2=" " tag="260"><subfield code="a">Mitchell, Dakota [S.D. :</subfield><subfield code="b">s.n.]</subfield></datafield><datafield ind1=" " ind2=" " tag="300"><subfield code="a">v.</subfield></datafield><datafield ind1=" " ind2=" " tag="530"><subfield code="a">Also issued on microfilm from South Dakota State Archives.</subfield></datafield><datafield ind1=" " ind2=" " tag="588"><subfield code="a">Description based on: Vol. 1, no. 28 (Apr. 9, 1881).</subfield></datafield><datafield ind1=" " ind2="0" tag="651"><subfield code="a">Mitchell (S.D.)</subfield><subfield code="v">Newspapers.</subfield></datafield><datafield ind1=" " ind2="0" tag="651"><subfield code="a">Davison County (S.D.)</subfield><subfield code="v">Newspapers.</subfield></datafield><datafield ind1=" " ind2="7" tag="655"><subfield code="a">Newspapers.</subfield><subfield code="2">fast</subfield><subfield code="0">(OCoLC)fst01423814</subfield></datafield><datafield ind1=" " ind2="7" tag="651"><subfield code="a">South Dakota</subfield><subfield code="z">Davison County.</subfield><subfield code="2">fast</subfield><subfield code="0">(OCoLC)fst01215572</subfield></datafield><datafield ind1=" " ind2="7" tag="651"><subfield code="a">South Dakota</subfield><subfield code="z">Mitchell.</subfield><subfield code="2">fast</subfield><subfield code="0">(OCoLC)fst01232690</subfield></datafield><datafield ind1=" " ind2=" " tag="752"><subfield code="a">United States</subfield><subfield code="b">South Dakota</subfield><subfield code="c">Davison</subfield><subfield code="d">Mitchell.</subfield></datafield></record>